@book {CosRenorm,
    AUTHOR = {Costello, Kevin},
     TITLE = {Renormalization and effective field theory},
    SERIES = {Mathematical Surveys and Monographs},
    VOLUME = {170},
 PUBLISHER = {American Mathematical Society},
   ADDRESS = {Providence, RI},
      YEAR = {2011},
     PAGES = {viii+251},
      ISBN = {978-0-8218-5288-0},
   MRCLASS = {81T15 (58Jxx 81T70)},
  MRNUMBER = {2778558},
}

@unpublished {CosInt,
   AUTHOR = {Costello, Kevin},
     TITLE = {{I}ntegrable lattice models from four-dimensional field theories},
 NOTE = {Available at \url{https://arxiv.org/abs/1308.0370}},
}

@unpublished {CosYangian,
   AUTHOR = {Costello, Kevin},
     TITLE = {{S}upersymmetric gauge theory and the {Y}angian},
 NOTE = {Available at \url{http://arxiv.org/abs/1303.2632}},
}

@unpublished {CWY1,
   AUTHOR = {Costello, Kevin and Witten, Edward and Yamazaki, Masahito},
     TITLE = {{G}auge {T}heory and {I}ntegrability, I},
 NOTE = {Available at \url{https://arxiv.org/abs/1709.09993}},
}

@unpublished {CWY2,
   AUTHOR = {Costello, Kevin and Witten, Edward and Yamazaki, Masahito},
     TITLE = {{G}auge {T}heory and {I}ntegrability, II},
 NOTE = {Available at \url{https://arxiv.org/abs/1802.01579}},
}

@unpublished {LurieHA,
    AUTHOR = {Lurie, Jacob},
     TITLE = {Higher {A}lgebra},
NOTE = {available at \url{http://www.math.harvard.edu/~lurie/papers/higheralgebra.pdf}},
}

@book {BD,
    AUTHOR = {Beilinson, Alexander and Drinfeld, Vladimir},
     TITLE = {Chiral algebras},
    SERIES = {American Mathematical Society Colloquium Publications},
    VOLUME = {51},
 PUBLISHER = {American Mathematical Society},
   ADDRESS = {Providence, RI},
      YEAR = {2004},
     PAGES = {vi+375},
      ISBN = {0-8218-3528-9},
   MRCLASS = {17Bxx (14F43)},
  MRNUMBER = {2058353 (2005d:17007)},
MRREVIEWER = {Francisco J. Plaza Mart{\'{\i}}n},
}

@book {CG1,
    AUTHOR = {Costello, Kevin and Gwilliam, Owen},
     TITLE = {Factorization algebras in quantum field theory. {V}ol. 1},
    SERIES = {New Mathematical Monographs},
    VOLUME = {31},
 PUBLISHER = {Cambridge University Press, Cambridge},
      YEAR = {2017},
     PAGES = {ix+387},
      ISBN = {978-1-107-16310-2},
   MRCLASS = {81-01 (17B69 18D50 53D55 81R05 81R10)},
  MRNUMBER = {3586504},
       DOI = {10.1017/9781316678626},
       URL = {http://dx.doi.org/10.1017/9781316678626},
}

@unpublished {CG2,
   AUTHOR = {Costello, Kevin and Gwilliam, Owen},
     TITLE = {Factorization algebras in quantum field theory. {V}ol. 2},
 NOTE = {available at \url{http://people.mpim-bonn.mpg.de/gwilliam}},
}

@article {AFTopMan,
    AUTHOR = {Ayala, David and Francis, John},
     TITLE = {Factorization homology of topological manifolds},
   JOURNAL = {J. Topol.},
  FJOURNAL = {Journal of Topology},
    VOLUME = {8},
      YEAR = {2015},
    NUMBER = {4},
     PAGES = {1045--1084},
      ISSN = {1753-8416},
   MRCLASS = {57R56 (55U40 57N35)},
  MRNUMBER = {3431668},
       DOI = {10.1112/jtopol/jtv028},
       URL = {http://dx.doi.org/10.1112/jtopol/jtv028},
}

@book {ChariPressley,
    AUTHOR = {Chari, Vyjayanthi and Pressley, Andrew},
     TITLE = {A guide to quantum groups},
 PUBLISHER = {Cambridge University Press, Cambridge},
      YEAR = {1994},
     PAGES = {xvi+651},
      ISBN = {0-521-43305-3},
   MRCLASS = {17B37 (16W30 81R50)},
  MRNUMBER = {1300632},
MRREVIEWER = {Tomasz Brzezi\'nski},
}
@book {Etingof,
    AUTHOR = {Etingof, Pavel and Schiffmann, Olivier},
     TITLE = {Lectures on quantum groups},
    SERIES = {Lectures in Mathematical Physics},
   EDITION = {Second},
 PUBLISHER = {International Press, Somerville, MA},
      YEAR = {2002},
     PAGES = {xii+242},
      ISBN = {1-57146-094-2},
   MRCLASS = {17B37 (16W35 17-02 17B62 32G34 81R50)},
  MRNUMBER = {2284964},
}
@article {Tamarkin,
    AUTHOR = {Tamarkin, Dmitry E.},
     TITLE = {Formality of chain operad of little discs},
   JOURNAL = {Lett. Math. Phys.},
  FJOURNAL = {Letters in Mathematical Physics},
    VOLUME = {66},
      YEAR = {2003},
    NUMBER = {1-2},
     PAGES = {65--72},
      ISSN = {0377-9017},
   MRCLASS = {18G55 (08C15 18D50 55U10)},
  MRNUMBER = {2064592},
MRREVIEWER = {Alexander Gorokhovsky},
       DOI = {10.1023/B:MATH.0000017651.12703.a1},
       URL = {https://doi.org/10.1023/B:MATH.0000017651.12703.a1},
}

@article {WittenJones,
    AUTHOR = {Witten, Edward},
     TITLE = {Quantum field theory and the {J}ones polynomial},
   JOURNAL = {Comm. Math. Phys.},
  FJOURNAL = {Communications in Mathematical Physics},
    VOLUME = {121},
      YEAR = {1989},
    NUMBER = {3},
     PAGES = {351--399},
      ISSN = {0010-3616},
   MRCLASS = {57M25 (17B67 57N10 58D15 58D30 81E40)},
  MRNUMBER = {990772},
MRREVIEWER = {Daniel S. Freed},
       URL = {http://projecteuclid.org.ezproxy.neu.edu/euclid.cmp/1104178138},
}

@unpublished {wg2,
   AUTHOR = {Costello, Kevin},
     TITLE = {A geometric construction of the {W}itten genus, {II}},
 NOTE = {Available at \url{http://arxiv.org/abs/1112.0816}},
}

@unpublished{GGW,
AUTHOR = {Gwilliam, Owen and Gorbounov, Vassily and Williams, Brian},
TITLE = {{C}hiral differential operators via {B}atalin-{V}ilkovisky quantization},
Note = {Available at \url{https://arxiv.org/abs/1610.09657}},
}

@article {GG1,
    AUTHOR = {Gwilliam, Owen and Grady, Ryan},
     TITLE = {One-dimensional {C}hern-{S}imons theory and the {$\hat A$}
              genus},
   JOURNAL = {Algebr. Geom. Topol.},
  FJOURNAL = {Algebraic \& Geometric Topology},
    VOLUME = {14},
      YEAR = {2014},
    NUMBER = {4},
     PAGES = {2299--2377},
      ISSN = {1472-2747},
   MRCLASS = {57R56 (18G55 58J20)},
  MRNUMBER = {3331615},
MRREVIEWER = {Sergiy Koshkin},
       DOI = {10.2140/agt.2014.14.2299},
       URL = {http://dx.doi.org/10.2140/agt.2014.14.2299},
}

@article {Drinfeld1,
    AUTHOR = {Drinfeld, V. G.},
     TITLE = {Hopf algebras and the quantum {Y}ang-{B}axter equation},
   JOURNAL = {Dokl. Akad. Nauk SSSR},
  FJOURNAL = {Doklady Akademii Nauk SSSR},
    VOLUME = {283},
      YEAR = {1985},
    NUMBER = {5},
     PAGES = {1060--1064},
      ISSN = {0002-3264},
   MRCLASS = {58F07 (17B20 82A15)},
  MRNUMBER = {802128},
MRREVIEWER = {Alexander A. Pankov},
}

@book {MR1288523,
    AUTHOR = {Griffiths, Phillip and Harris, Joseph},
     TITLE = {Principles of algebraic geometry},
    SERIES = {Wiley Classics Library},
      NOTE = {Reprint of the 1978 original},
 PUBLISHER = {John Wiley \& Sons, Inc., New York},
      YEAR = {1994},
     PAGES = {xiv+813},
      ISBN = {0-471-05059-8},
   MRCLASS = {14-01},
  MRNUMBER = {1288523},
       DOI = {10.1002/9781118032527},
       URL = {https://doi-org.ezproxy.neu.edu/10.1002/9781118032527},
}
@book {LurieTop,
    AUTHOR = {Lurie, Jacob},
     TITLE = {Higher topos theory},
    SERIES = {Annals of Mathematics Studies},
    VOLUME = {170},
 PUBLISHER = {Princeton University Press, Princeton, NJ},
      YEAR = {2009},
     PAGES = {xviii+925},
      ISBN = {978-0-691-14049-0; 0-691-14049-9},
   MRCLASS = {18-02 (18B25 18E35 18G30 18G55 55U40)},
  MRNUMBER = {2522659},
MRREVIEWER = {Mark Hovey},
       DOI = {10.1515/9781400830558},
       URL = {https://doi-org.ezproxy.neu.edu/10.1515/9781400830558},
}
@inproceedings {LurieICM,
    AUTHOR = {Lurie, Jacob},
     TITLE = {Moduli problems for ring spectra},
 BOOKTITLE = {Proceedings of the {I}nternational {C}ongress of
              {M}athematicians. {V}olume {II}},
     PAGES = {1099--1125},
 PUBLISHER = {Hindustan Book Agency, New Delhi},
      YEAR = {2010},
   MRCLASS = {55P43 (18D05 18E30)},
  MRNUMBER = {2827833},
MRREVIEWER = {Birgit Richter},
}
@incollection {Manetti1999,
    AUTHOR = {Manetti, Marco},
     TITLE = {Deformation theory via differential graded {L}ie algebras},
 BOOKTITLE = {Algebraic {G}eometry {S}eminars, 1998--1999 ({I}talian)
              ({P}isa)},
     PAGES = {21--48},
 PUBLISHER = {Scuola Norm. Sup., Pisa},
      YEAR = {1999},
   MRCLASS = {17B55 (53D55)},
  MRNUMBER = {1754793},
}
@article {Manetti2004,
    AUTHOR = {Manetti, Marco},
     TITLE = {Lectures on deformations of complex manifolds (deformations
              from differential graded viewpoint)},
   JOURNAL = {Rend. Mat. Appl. (7)},
  FJOURNAL = {Rendiconti di Matematica e delle sue Applicazioni. Serie VII},
    VOLUME = {24},
      YEAR = {2004},
    NUMBER = {1},
     PAGES = {1--183},
      ISSN = {1120-7183},
   MRCLASS = {32G05 (13D10 14B12)},
  MRNUMBER = {2130146},
MRREVIEWER = {Richard P. Thomas},
}
@incollection {Manetti2009,
    AUTHOR = {Manetti, Marco},
     TITLE = {Differential graded {L}ie algebras and formal deformation
              theory},
 BOOKTITLE = {Algebraic geometry---{S}eattle 2005. {P}art 2},
    SERIES = {Proc. Sympos. Pure Math.},
    VOLUME = {80},
     PAGES = {785--810},
 PUBLISHER = {Amer. Math. Soc., Providence, RI},
      YEAR = {2009},
   MRCLASS = {17B55},
  MRNUMBER = {2483955},
MRREVIEWER = {Thomas Gu\'{e}d\'{e}non},
       DOI = {10.1090/pspum/080.2/2483955},
       URL = {https://doi-org.ezproxy.neu.edu/10.1090/pspum/080.2/2483955},
}

@article {Getzler,
    AUTHOR = {Getzler, Ezra},
     TITLE = {Lie theory for nilpotent {$L_\infty$}-algebras},
   JOURNAL = {Ann. of Math. (2)},
  FJOURNAL = {Annals of Mathematics. Second Series},
    VOLUME = {170},
      YEAR = {2009},
    NUMBER = {1},
     PAGES = {271--301},
      ISSN = {0003-486X},
   MRCLASS = {17B55 (18G55 55U10)},
  MRNUMBER = {2521116},
MRREVIEWER = {Elena Poletaeva},
       DOI = {10.4007/annals.2009.170.271},
       URL = {https://doi-org.ezproxy.neu.edu/10.4007/annals.2009.170.271},
}
@article {GM,
    AUTHOR = {Goldman, William M. and Millson, John J.},
     TITLE = {The deformation theory of representations of fundamental
              groups of compact {K}\"{a}hler manifolds},
   JOURNAL = {Inst. Hautes \'{E}tudes Sci. Publ. Math.},
  FJOURNAL = {Institut des Hautes \'{E}tudes Scientifiques. Publications
              Math\'{e}matiques},
    NUMBER = {67},
      YEAR = {1988},
     PAGES = {43--96},
      ISSN = {0073-8301},
   MRCLASS = {32G10 (22E45 32C10)},
  MRNUMBER = {972343},
MRREVIEWER = {H. Kerner},
       URL = {http://www.numdam.org.ezproxy.neu.edu/item?id=PMIHES_1988__67__43_0},
}

@article {Sch,
    AUTHOR = {Schlessinger, Michael},
     TITLE = {Functors of {A}rtin rings},
   JOURNAL = {Trans. Amer. Math. Soc.},
  FJOURNAL = {Transactions of the American Mathematical Society},
    VOLUME = {130},
      YEAR = {1968},
     PAGES = {208--222},
      ISSN = {0002-9947},
   MRCLASS = {14.55},
  MRNUMBER = {0217093},
MRREVIEWER = {M. Miyanishi},
       DOI = {10.2307/1994967},
       URL = {https://doi-org.ezproxy.neu.edu/10.2307/1994967},
}

@incollection {Talpo,
    AUTHOR = {Talpo, Mattia and Vistoli, Angelo},
     TITLE = {Deformation theory from the point of view of fibered
              categories},
 BOOKTITLE = {Handbook of moduli. {V}ol. {III}},
    SERIES = {Adv. Lect. Math. (ALM)},
    VOLUME = {26},
     PAGES = {281--397},
 PUBLISHER = {Int. Press, Somerville, MA},
      YEAR = {2013},
   MRCLASS = {14D15 (14B10)},
  MRNUMBER = {3135440},
MRREVIEWER = {Arvid Siqveland},
}

@book {Hartshorne,
    AUTHOR = {Hartshorne, Robin},
     TITLE = {Deformation theory},
    SERIES = {Graduate Texts in Mathematics},
    VOLUME = {257},
 PUBLISHER = {Springer, New York},
      YEAR = {2010},
     PAGES = {viii+234},
      ISBN = {978-1-4419-1595-5},
   MRCLASS = {14D15 (13D10 14B07 14B12)},
  MRNUMBER = {2583634},
MRREVIEWER = {Arvid Siqveland},
       DOI = {10.1007/978-1-4419-1596-2},
       URL = {https://doi-org.ezproxy.neu.edu/10.1007/978-1-4419-1596-2},
}